@incollection{Hargreaves04,
	author = {Shawn Hargreaves},
	title = "Generating {S}haders from {HLSL} {F}ragments",
	booktitle = {ShaderX3: Advanced Rendering with DirectX and OpenGL},
	editor = {Engel, Wolfgang},
	year = 2004,
	isbn = {1584503572},
	pages = {555--568},
	publisher = {Charles River Media, Inc.}
}

